@ARTICLE{anchors,
   author = {{Yang}, T. and {Zhang}, X. and {Li}, Z. and {Zhang}, W. and 
	{Sun}, J.},
    title = "{MetaAnchor: Learning to Detect Objects with Customized Anchors}",
  journal = {ArXiv e-prints},
archivePrefix = "arXiv",
   eprint = {1807.00980},
 primaryClass = "cs.CV",
 keywords = {Computer Science - Computer Vision and Pattern Recognition},
     year = 2018,
    month = jul,
   adsurl = {http://adsabs.harvard.edu/abs/2018arXiv180700980Y},
  adsnote = {Provided by the SAO/NASA Astrophysics Data System}
}
@article{interp_rnn,
   author={Bo-Jian Hou, Zhi-Hua Zhou},
   title={Learning with Interpretable Structure from RNN},
   journal={National Key Laboratory for Novel Software Technology},
   year={2018},
}
@article{L2X,
  author    = {Jianbo Chen and
               Le Song and
               Martin J. Wainwright and
               Michael I. Jordan},
  title     = {Learning to Explain: An Information-Theoretic Perspective on Model
               Interpretation},
  journal   = {CoRR},
  volume    = {abs/1802.07814},
  year      = {2018},
  url       = {http://arxiv.org/abs/1802.07814},
  archivePrefix = {arXiv},
  eprint    = {1802.07814},
  timestamp = {Mon, 13 Aug 2018 16:46:57 +0200},
  biburl    = {https://dblp.org/rec/bib/journals/corr/abs-1802-07814},
  bibsource = {dblp computer science bibliography, https://dblp.org}
}
@inproceedings{VIA,
 author = {Thrun, Sebastian},
 title = {Extracting Rules from Artificial Neural Networks with Distributed Representations},
 booktitle = {Proceedings of the 7th International Conference on Neural Information Processing Systems},
 series = {NIPS'94},
 year = {1994},
 location = {Denver, Colorado},
 pages = {505--512},
 numpages = {8},
 url = {http://dl.acm.org/citation.cfm?id=2998687.2998750},
 acmid = {2998750},
 publisher = {MIT Press},
 address = {Cambridge, MA, USA},
}
@article{LIME,
  author    = {Marco T{\'{u}}lio Ribeiro and
               Sameer Singh and
               Carlos Guestrin},
  title     = {"Why Should {I} Trust You?": Explaining the Predictions of Any Classifier},
  journal   = {CoRR},
  volume    = {abs/1602.04938},
  year      = {2016},
  url       = {http://arxiv.org/abs/1602.04938},
  archivePrefix = {arXiv},
  eprint    = {1602.04938},
  timestamp = {Mon, 13 Aug 2018 16:49:09 +0200},
  biburl    = {https://dblp.org/rec/bib/journals/corr/RibeiroSG16},
  bibsource = {dblp computer science bibliography, https://dblp.org}
}
@misc{tensorflow,
title={ {TensorFlow}: Large-Scale Machine Learning on Heterogeneous Systems},
url={https://www.tensorflow.org/},
note={Software available from tensorflow.org},
author={
    Mart\'{\i}n~Abadi and
    Ashish~Agarwal and
    Paul~Barham and
    Eugene~Brevdo and
    Zhifeng~Chen and
    Craig~Citro and
    Greg~S.~Corrado and
    Andy~Davis and
    Jeffrey~Dean and
    Matthieu~Devin and
    Sanjay~Ghemawat and
    Ian~Goodfellow and
    Andrew~Harp and
    Geoffrey~Irving and
    Michael~Isard and
    Yangqing Jia and
    Rafal~Jozefowicz and
    Lukasz~Kaiser and
    Manjunath~Kudlur and
    Josh~Levenberg and
    Dandelion~Man\'{e} and
    Rajat~Monga and
    Sherry~Moore and
    Derek~Murray and
    Chris~Olah and
    Mike~Schuster and
    Jonathon~Shlens and
    Benoit~Steiner and
    Ilya~Sutskever and
    Kunal~Talwar and
    Paul~Tucker and
    Vincent~Vanhoucke and
    Vijay~Vasudevan and
    Fernanda~Vi\'{e}gas and
    Oriol~Vinyals and
    Pete~Warden and
    Martin~Wattenberg and
    Martin~Wicke and
    Yuan~Yu and
    Xiaoqiang~Zheng},
  year={2015},
}